


@article {Redish5042,
	author = {Redish, A. David and Kummerfeld, Erich and Morris, Rebecca Lea and Love, Alan C.},
	title = {Opinion: Reproducibility failures are essential to scientific inquiry},
	volume = {115},
	number = {20},
	pages = {5042--5046},
	year = {2018},
	doi = {10.1073/pnas.1806370115},
	publisher = {National Academy of Sciences},
	issn = {0027-8424},
	URL = {http://www.pnas.org/content/115/20/5042},
	eprint = {http://www.pnas.org/content/115/20/5042.full.pdf},
	journal = {Proceedings of the National Academy of Sciences},
	file={Docs/5042.full.pdf},
	note={reproducibility failure allow to include conflicting observations/approaches into theories : fosters conpling of perspectives}
}





@article{munafo2018repeating,
  title={Repeating experiments is not enough},
  author={Munafo, Marcus R and Smith, George Davey},
  journal={Nature},
  volume={553},
  number={7689},
  pages={399--401},
  year={2018},
  file={Docs/d41586-018-01023-3.pdf}
}



@Article{kivelson2018understanding,
  author   = {Kivelson, Sophia and Kivelson, Steven},
  title    = {Understanding complexity},
  journal  = {Nature Physics},
  year     = {2018},
  volume   = {14},
  number   = {5},
  pages    = {426--427},
  month    = may,
  issn     = {1745-2481},
  abstract = {The criteria by which the validity of theories of complex systems are judged are more nuanced than a naive understanding of ‘the scientific method’ suggests.},
  refid    = {Kivelson2018},
  url      = {https://doi.org/10.1038/s41567-018-0136-6},
  file={Docs/10.1038@s41567-018-0136-6.pdf}
}


