%% This BibTeX bibliography file was created using BibDesk.
%% http://bibdesk.sourceforge.net/


%% Created for Juste Raimbault at 2016-01-04 09:44:31 +0100 


%% Saved with string encoding Occidental (ISO Latin 1) 



@book{giere2010scientific,
	Author = {Giere, Ronald N},
	Date-Added = {2016-01-04 08:44:07 +0000},
	Date-Modified = {2016-01-04 08:44:07 +0000},
	Publisher = {University of Chicago Press},
	Title = {Scientific perspectivism},
	Year = {2010}}

@article{2015arXiv151103981H,
	Adsnote = {Provided by the SAO/NASA Astrophysics Data System},
	Adsurl = {http://adsabs.harvard.edu/abs/2015arXiv151103981H},
	Archiveprefix = {arXiv},
	Author = {{Hidalgo}, C.~A.},
	Date-Added = {2016-01-04 08:43:58 +0000},
	Date-Modified = {2016-01-04 08:43:58 +0000},
	Eprint = {1511.03981},
	Journal = {ArXiv e-prints},
	Keywords = {Physics - Physics and Society, Computer Science - Social and Information Networks},
	Month = nov,
	Primaryclass = {physics.soc-ph},
	Title = {{Disconnected! The parallel streams of network literature in the natural and social sciences}},
	Year = 2015,
	Bdsk-File-1 = {YnBsaXN0MDDUAQIDBAUGJCVYJHZlcnNpb25YJG9iamVjdHNZJGFyY2hpdmVyVCR0b3ASAAGGoKgHCBMUFRYaIVUkbnVsbNMJCgsMDxJXTlMua2V5c1pOUy5vYmplY3RzViRjbGFzc6INDoACgAOiEBGABIAFgAdccmVsYXRpdmVQYXRoWWFsaWFzRGF0YV8QSy4uLy4uLy4uL0NpdHlOZXR3b3JrL0JpYmxpby9Eb2NzL0VwaXN0ZW1vbG9neS9EaXNjb25uZWN0ZWRfMTUxMS4wMzk4MXYxLnBkZtIXCxgZV05TLmRhdGFPEQI8AAAAAAI8AAIAAAxNYWNpbnRvc2ggSEQAAAAAAAAAAAAAAAAAAADKQQYMSCsAAAI0IVcdRGlzY29ubmVjdGVkXzE1MTEuMDM5ODF2MS5wZGYAAAAAAAAAAAAAAAAAAAAAAAAAAAAAAAAAAAAAAAAAAAAAA6WG09Jrx1QAAAAAAAAAAAADAAUAAAkgAAAAAAAAAAAAAAAAAAAADEVwaXN0ZW1vbG9neQAQAAgAAMpA6ewAAAARAAgAANJruUQAAAABACACNCFXAjF32QIh+RkCIfkQAJDCKQAFAhUABQIUAAC+7AACAHxNYWNpbnRvc2ggSEQ6VXNlcnM6AEp1c3RlOgBEb2N1bWVudHM6AENvbXBsZXhTeXN0ZW1zOgBDaXR5TmV0d29yazoAQmlibGlvOgBEb2NzOgBFcGlzdGVtb2xvZ3k6AERpc2Nvbm5lY3RlZF8xNTExLjAzOTgxdjEucGRmAA4APAAdAEQAaQBzAGMAbwBuAG4AZQBjAHQAZQBkAF8AMQA1ADEAMQAuADAAMwA5ADgAMQB2ADEALgBwAGQAZgAPABoADABNAGEAYwBpAG4AdABvAHMAaAAgAEgARAASAGdVc2Vycy9KdXN0ZS9Eb2N1bWVudHMvQ29tcGxleFN5c3RlbXMvQ2l0eU5ldHdvcmsvQmlibGlvL0RvY3MvRXBpc3RlbW9sb2d5L0Rpc2Nvbm5lY3RlZF8xNTExLjAzOTgxdjEucGRmAAATAAEvAAAVAAIADP//AACABtIbHB0eWiRjbGFzc25hbWVYJGNsYXNzZXNdTlNNdXRhYmxlRGF0YaMdHyBWTlNEYXRhWE5TT2JqZWN00hscIiNcTlNEaWN0aW9uYXJ5oiIgXxAPTlNLZXllZEFyY2hpdmVy0SYnVHJvb3SAAQAIABEAGgAjAC0AMgA3AEAARgBNAFUAYABnAGoAbABuAHEAcwB1AHcAhACOANwA4QDpAykDKwMwAzsDRANSA1YDXQNmA2sDeAN7A40DkAOVAAAAAAAAAgEAAAAAAAAAKAAAAAAAAAAAAAAAAAAAA5c=}}

@article{dupuy2015sciences,
	Author = {Dupuy, Gabriel and Benguigui, Lucien Gilles},
	Date-Added = {2016-01-04 08:43:06 +0000},
	Date-Modified = {2016-01-04 08:43:06 +0000},
	Journal = {M{\'e}tropoles},
	Number = {16},
	Publisher = {Philippe Genestier},
	Title = {Sciences urbaines: interdisciplinarit{\'e}s passive, na{\"\i}ve, transitive, offensive},
	Year = {2015}}
